<?xml version="1.0" encoding="UTF-8"?><collection xmlns="http://www.loc.gov/MARC21/slim"><record><leader>00374nam--2200133-i-4500</leader><controlfield tag="001">000021237</controlfield><controlfield tag="002">20161230</controlfield><controlfield tag="005">20161230201034</controlfield><controlfield tag="008">060222s1000------------r-----000-0-eng-d</controlfield><datafield ind1=" " ind2=" " tag="100"><subfield code="a">Horton, C.C., Price, B.T., Spinney, K.T</subfield></datafield><datafield ind1=" " ind2=" " tag="245"><subfield code="a">Radiation shielding</subfield></datafield><datafield ind1=" " ind2=" " tag="260"><subfield code="a">Pergamon Press, 1957. Ix + 350p</subfield></datafield><datafield ind1=" " ind2=" " tag="490"><subfield code="a">The Int.Series Of Monographs On Nuclear Energy</subfield></datafield><datafield ind1=" " ind2=" " tag="852"><subfield code="a">12828</subfield></datafield></record></collection>